3230 5100
68 97 418 249 This
329 97 679 249 Indenture
851 97 366 249 mad
1060 97 366 249 and
1269 97 627 249 indented
1739 97 418 249 this
2000 97 366 249 the
2209 97 418 249 10th
2470 97 366 249 day
2679 97 313 249 of
2784 97 313 249 Jan=

74 256 368 179 uary
304 256 230 179 _
396 256 276 179 in
533 256 322 179 the
717 256 368 179 year
947 256 276 179 of
1085 256 322 179 our
1268 256 368 179 Lord
1498 256 322 179 One
1682 256 551 179 thousand
2095 256 413 179 Eight
2371 256 505 179 hundred
2739 256 322 179 and
2876 256 276 179 Twe-

23 393 342 229 =nty
237 393 299 229 two
408 393 257 229 by
536 393 299 229 and
707 393 470 229 between
1049 393 470 229 William
1391 393 513 229 Leathers
1776 393 257 229 of
1904 393 299 229 the
2075 393 428 229 county
2375 393 257 229 of
2503 393 428 229 Orange
2802 393 214 229 &
2845 393 299 229 State

47 529 275 174 of
185 529 780 174 Northcarolina
827 529 275 174 of
965 529 321 174 the
1148 529 321 174 one
1332 529 367 174 part
1561 529 321 174 and
1745 529 413 174 James
1974 529 459 174 Lealbers

2576 532 237 222 of
2694 532 276 222 the
2812 532 316 222 county

42 653 299 186 and
213 653 384 186 state
469 653 597 186 affoseraid
938 653 256 186 of
1066 653 299 186 the
1236 653 384 186 other
1492 653 341 186 part
1706 653 597 186 Witnesseth
2175 653 341 186 that
2388 653 469 186 whereas
2729 653 299 186 the
2857 653 256 186 said

47 804 418 183 William
351 804 456 183 Siathers
693 804 380 183 Stands
959 804 380 183 Justty
1225 804 228 183 in
1339 804 380 183 debted
1605 804 228 183 to
1719 804 304 183 Hugh
1909 804 304 183 Coin
2099 804 190 183 &
2175 804 304 183 Thos
2365 804 228 183 D.
2479 804 380 183 Benne,
2745 804 266 183 was
2897 804 228 183 in
2973 804 190 183 the

44 929 393 182 full
289 929 344 182 and
486 929 393 182 Iust
731 929 344 182 sum
928 929 295 182 of
1075 929 393 182 Five
1320 929 540 182 Hundred
1664 929 442 182 Dollars

2418 972 591 206 Curtent
2795 972 376 206 Money

35 1092 233 155 of
152 1092 272 155 the
307 1092 350 155 State
540 1092 272 155 off
696 1092 272 155 one
851 1092 350 155 said,
1084 1092 272 155 and
1240 1092 350 155 being
1473 1092 505 155 honestly/
1862 1092 389 155 minded
2134 1092 272 155 and
2289 1092 505 155 desirious
2678 1092 233 155 to
2794 1092 233 155 be
2872 1092 272 155 curi-

26 1228 307 187 the
202 1228 483 187 payment
553 1228 483 187 thereof
904 1228 307 187 and
1080 1228 351 187 such
1300 1228 483 187 intered
1651 1228 263 187 or
1783 1228 307 187 mag
1958 1228 615 187 Rightfutty
2441 1228 483 187 decruer
2749 1228 395 187 thereon

25 1352 270 241 to
160 1352 315 241 the
340 1352 360 241 said
565 1352 360 241 Coin
790 1352 225 241 &
879 1352 540 241 Dennehan
1284 1352 405 241 their
1554 1352 405 241 Heirs
1824 1352 315 241 and
2004 1352 495 241 assign,
2364 1352 270 241 in
2453 1352 675 241 Consideration

32 1516 250 171 of
157 1516 291 171 his
324 1516 375 171 being
574 1516 250 171 so
698 1516 250 171 in
823 1516 458 171 debled,
1156 1516 291 171 and
1323 1516 250 171 in
1448 1516 458 171 further
1781 1516 708 171 consideration
2364 1516 250 171 of
2489 1516 291 171 the
2655 1516 291 171 Sum
2822 1516 250 171 of
2905 1516 208 171 one

0 1671 435 121 Dollar

672 1659 343 249 like
886 1659 385 249 money
1143 1659 257 249 to
1272 1659 300 249 him
1443 1659 300 249 the
1614 1659 343 249 said
1828 1659 471 249 William
2171 1659 514 249 Leathers
2556 1659 257 249 in
2685 1659 343 249 hand
2856 1659 257 249 paid

415 1749 161 120 &
447 1749 354 120 deleverij

13 1803 411 218 before
300 1803 287 218 the
465 1803 493 218 Sealing,
834 1803 246 218 of
957 1803 370 218 these
1204 1803 493 218 presents
1573 1803 246 218 by
1697 1803 287 218 the
1861 1803 329 218 said
2066 1803 370 218 James
2271 1803 411 218 Leathers

2775 1850 350 229 lui

9 1928 293 244 the
176 1928 334 244 said
385 1928 460 244 William
720 1928 502 244 Leathers
1096 1928 334 244 hath
1305 1928 502 244 granted,
1681 1928 543 244 burgained
2099 1928 293 244 and
2266 1928 334 244 told
2475 1928 251 244 to
2601 1928 293 244 the
2726 1928 251 244 said

38 2075 396 210 James
302 2075 529 210 Leathers
699 2075 308 210 His
875 2075 396 210 Heirs
1139 2075 308 210 and
1315 2075 440 210 assign
1624 2075 308 210 for
1800 2075 352 210 mits
2020 2075 308 210 the
2196 2075 573 210 following
2593 2075 396 210 neqroes

57 2204 398 240 vizt.
322 2204 487 240 Isbell.
676 2204 443 240 Peter,
986 2204 443 240 Grace,
1296 2204 443 240 Chaney
1606 2204 221 240 &
1650 2204 266 240 Edny

1416 2367 246 272 to
1539 2367 328 272 have
1744 2367 287 272 and
1907 2367 246 272 to
2030 2367 328 272 hold
2235 2367 287 272 the
2399 2367 328 272 said
2604 2367 450 272 Negroes
2890 2367 246 272 with

4 2530 379 229 then
240 2530 568 229 increase
666 2530 284 229 to
808 2530 331 229 the
998 2530 379 229 said
1234 2530 426 229 James
1518 2530 568 229 Leathers
1944 2530 237 229 _
2039 2530 331 229 His
2228 2530 521 229 Heimand
2607 2530 521 229 assings
2938 2530 237 229 for

9 2689 379 226 cess
262 2689 295 226 and
430 2689 295 226 the
599 2689 337 226 said
810 2689 464 226 William
1147 2689 506 226 Leathers
1527 2689 295 226 for
1695 2689 464 226 himself
2033 2689 295 226 his
2201 2689 379 226 heirs
2454 2689 211 226 &
2539 2689 422 226 assign
2792 2689 379 226 coven=

21 2849 453 182 -=ants
338 2849 317 182 and
519 2849 453 182 agrees
837 2849 272 182 to
973 2849 317 182 and
1154 2849 363 182 with
1381 2849 317 182 the
1562 2849 363 182 said
1789 2849 408 182 James
2061 2849 544 182 Leathers
2423 2849 227 182 His

42 2961 445 237 Heirand
365 2961 445 237 assign,
689 2961 324 237 that
892 2961 243 237 he
1013 2961 283 237 and
1175 2961 283 237 the
1337 2961 324 237 will
1540 2961 445 237 forever
1863 2961 445 237 warrant
2187 2961 283 237 and
2349 2961 405 237 defend
2633 2961 283 237 the
2754 2961 324 237 right.

40 3132 420 233 little
334 3132 294 233 and
502 3132 504 233 interest
880 3132 252 233 in
1006 3132 252 233 to
1132 3132 294 233 and
1300 3132 252 233 of
1426 3132 294 233 the
1594 3132 588 233 afforesaid
2014 3132 462 233 property.

690 3249 271 268 to
825 3249 316 268 him
1006 3249 316 268 and
1187 3249 361 268 them
1412 3249 497 268 against
1773 3249 316 268 the
1954 3249 406 268 claim
2225 3249 271 268 of
2360 3249 316 268 all
2541 3249 497 268 persons
2857 3249 271 268 what

37 3463 205 178 -
119 3463 696 178 Bloever-lepon
692 3463 369 178 Treut
938 3463 369 178 never
1184 3463 287 178 the
1348 3463 328 178 less
1553 3463 287 178 and
1716 3463 246 178 to
1839 3463 287 178 and
2003 3463 287 178 for
2167 3463 287 178 the
2331 3463 287 178 use
2495 3463 287 178 and
2659 3463 451 178 purpose
2945 3463 246 178 fol-

31 3626 514 183 -lorring
416 3626 342 183 that
630 3626 257 183 in
759 3626 257 183 to
887 3626 300 183 say
1059 3626 257 183 if
1187 3626 300 183 the
1358 3626 342 183 said
1572 3626 471 183 William
1915 3626 514 183 Leathers
2300 3626 300 183 his
2471 3626 385 183 heirs
2728 3626 257 183 &c
2856 3626 257 183 do
2942 3626 214 183 and

45 3707 392 276 shall
307 3707 348 276 well
525 3707 305 276 and
699 3707 392 276 truly
960 3707 305 276 pay
1134 3707 261 276 or
1265 3707 392 276 cause
1526 3707 261 276 to
1657 3707 261 276 be
1788 3707 348 276 paid
2005 3707 261 276 to
2136 3707 305 276 the
2310 3707 348 276 said
2528 3707 348 276 Coin
2702 3707 131 276 &

0 3898 596 206 Denneban
428 3898 447 206 their
726 3898 447 206 heirs
1024 3898 298 206 or
1173 3898 497 206 assign
1521 3898 348 206 the
1720 3898 596 206 apporaid
2167 3898 348 206 sum
2365 3898 298 206 of
2514 3898 397 206 Five
2713 3898 447 206 Hundred

67 4030 504 225 Dollars
434 4030 458 225 within
708 4030 275 225 them

1256 4069 252 249 by
1382 4069 294 249 the
1550 4069 378 249 first
1801 4069 294 249 day
1969 4069 252 249 of
2095 4069 503 249 February
2473 4069 336 249 1822
2683 4069 462 249 Ensuing
2976 4069 168 249 of

31 4232 271 163 the
186 4232 309 163 date
379 4232 387 163 hereof
650 4232 464 163 together
998 4232 309 163 with
1191 4232 309 163 such
1385 4232 425 163 Lawfull
1694 4232 464 163 interest
2042 4232 232 163 as
2158 4232 271 163 may
2312 4232 387 163 accrue
2583 4232 348 163 there
2815 4232 232 163 on
2892 4232 271 163 these

27 4395 315 183 this
223 4395 512 183 Indenture
617 4395 275 183 and
774 4395 275 183 all
932 4395 275 183 and
1089 4395 354 183 Every
1325 4395 354 183 thing
1561 4395 433 183 therein
1876 4395 512 183 Contained
2270 4395 354 183 shall
2506 4395 354 183 Cease
2703 4395 472 183 determined

15 4566 304 210 and
188 4566 434 210 become
492 4566 347 210 void
709 4566 217 210 _
796 4566 304 210 But
970 4566 260 210 if
1100 4566 304 210 the
1273 4566 347 210 said
1490 4566 477 210 William
1838 4566 521 210 Leathers
2228 4566 304 210 his
2402 4566 391 210 heirs
2663 4566 260 210 &c
2793 4566 217 210 -
2836 4566 304 210 shall

30 4698 355 206 fait
252 4698 266 206 to
385 4698 311 206 pay
562 4698 266 206 on
695 4698 400 206 cause
962 4698 266 206 to
1095 4698 266 206 be
1228 4698 355 206 paid
1450 4698 266 206 to
1583 4698 311 206 the
1761 4698 355 206 said
1983 4698 355 206 Coin
2205 4698 222 206 &
2249 4698 444 206 Dennehan

64 4854 328 210 hein
269 4854 246 210 or
392 4854 410 210 assign
638 4854 205 210 the

790 4873 548 187 afforsaid
1211 4873 295 187 sum
1380 4873 253 187 of
1506 4873 379 187 money
1759 4873 337 187 with
1970 4873 337 187 such
2181 4873 422 187 intent
2476 4873 253 187 as
2602 4873 295 187 may
2729 4873 337 187 accrue
