3066 4900
1142 196 656 240 May
1517 196 656 240 20d
1798 196 562 240 1866

151 524 442 356 Mr
372 524 590 356 P.C.
667 524 664 356 Cameron

1485 727 745 255 Dear
1951 727 652 255 Sir
2230 727 559 255 this

31 964 476 345 well
329 964 595 345 inform
746 964 417 345 you
984 964 357 345 we
1162 964 417 345 are
1400 964 417 345 all
1639 964 774 345 toterable
2234 964 476 345 well
2472 964 357 345 with

17 1164 466 320 the
284 1164 866 320 excetions
950 1164 400 320 of
1149 1164 400 320 my
1349 1164 533 320 wife
1682 1164 466 320 who
1948 1164 466 320 has
2215 1164 466 320 bin
2414 1164 400 320 very

17 1345 668 328 undell
485 1345 468 328 for
752 1345 334 328 a
886 1345 535 328 good
1220 1345 602 328 while
1621 1345 334 328 -
1755 1345 468 328 her
2022 1345 668 328 health
2490 1345 401 328 is
2624 1345 267 328 as

43 1556 490 266 bad
323 1556 420 266 as
533 1556 420 266 it
743 1556 490 266 can
1023 1556 420 266 be
1233 1556 420 266 to
1443 1556 770 266 bealive
2002 1556 350 266 –
2142 1556 350 266 I
2282 1556 420 266 am
2422 1556 560 266 geting

26 1745 324 259 a
156 1745 518 259 long
480 1745 454 259 the
739 1745 518 259 best
1063 1745 324 259 I
1193 1745 454 259 can
1452 1745 518 259 with
1776 1745 454 259 the
2035 1745 518 259 crop
2359 1745 324 259 -
2488 1745 389 259 we
2618 1745 324 259 are

15 1956 822 324 nendered
632 1956 343 324 a
769 1956 822 324 greatlal
1386 1956 411 324 by
1592 1956 480 324 the
1866 1956 822 324 constant
2414 1956 411 324 rain

0 2156 332 280 I
131 2156 598 280 never
530 2156 465 280 saw
796 2156 532 280 such
1128 2156 598 280 rains
1527 2156 532 280 fall
1859 2156 532 280 from
2192 2156 465 280 the
2391 2156 598 280 heavens

18 2327 556 320 that
365 2327 417 320 we
573 2327 486 320 are
851 2327 695 320 having
1337 2327 625 320 every
1754 2327 556 320 welk
2101 2327 347 320 -
2240 2327 556 320 have
2518 2327 347 320 not

24 2516 470 302 fin
292 2516 537 302 able
628 2516 403 302 to
829 2516 537 302 work
1165 2516 537 302 more
1500 2516 537 302 than
1835 2516 604 302 three
2238 2516 537 302 days
2574 2516 403 302 in
2708 2516 201 302 a

26 2720 573 345 week
385 2720 502 345 for
671 2720 502 345 the
958 2720 573 345 last
1317 2720 358 345 3
1460 2720 645 345 weeks
1890 2720 358 345 -
2033 2720 502 345 the
2249 2720 573 345 cotton

7 2920 560 320 all
327 2920 720 320 rated
807 2920 480 320 in
1047 2920 560 320 the
1367 2920 800 320 ground
1927 2920 560 320 and
2167 2920 480 320 that

0 3116 619 317 that
382 3116 541 317 did
692 3116 619 317 come
1078 3116 464 317 up
1310 3116 773 317 fooked
1851 3116 619 317 like
2238 3116 464 317 it
2393 3116 541 317 would

34 3345 496 291 all
317 3345 496 291 die
601 3345 354 291 -
742 3345 354 291 I
884 3345 425 291 am
1097 3345 496 291 now
1380 3345 708 291 sowing
1876 3345 425 291 my
2088 3345 708 291 entire
2513 3345 425 291 Crop

34 3524 546 261 over
375 3524 546 261 that
717 3524 478 261 all
990 3524 410 261 in
1195 3524 683 261 cotton
1673 3524 341 261 -
1809 3524 546 261 some
2151 3524 410 261 of
2356 3524 410 261 me
2492 3524 410 261 seed

25 3694 512 342 was
317 3694 658 342 given
756 3694 439 342 to
976 3694 439 342 me
1195 3694 585 342 some
1561 3694 366 342 I
1707 3694 512 342 was
2000 3694 804 342 conpell
2511 3694 293 342 to

46 3902 489 272 bey
326 3902 489 272 for
605 3902 489 272 all
885 3902 769 272 persons
1444 3902 489 272 who
1723 3902 629 272 sowed
2142 3902 489 272 old
2352 3902 419 272 seed

17 4094 492 280 has
298 4094 422 280 to
509 4094 633 280 plant
931 4094 562 280 over
1282 4094 633 280 again
1704 4094 562 280 more
2056 4094 422 280 or
2196 4094 422 280 less

35 4287 469 298 the
303 4287 670 298 Cotton
772 4287 335 298 I
907 4287 603 298 wrote
1309 4287 402 298 to
1510 4287 469 298 gou
1778 4287 335 298 a
1912 4287 536 298 bout
2248 4287 402 298 as
2382 4287 469 298 being

29 4476 458 262 in
258 4476 992 262 Demopolis
1020 4476 458 262 is
1249 4476 686 262 still
1707 4476 686 262 thare
2164 4476 381 262 -
2317 4476 381 262 I
2393 4476 534 262 would
