3100 4897
22 143 599 294 have
396 143 748 294 hanled
920 143 449 294 it
1145 143 599 294 Back
1519 143 599 294 home
1893 143 374 294 -
2042 143 524 294 but
2267 143 374 294 the

52 379 798 319 Bridges
633 379 436 319 is
851 379 508 319 all
1141 379 726 319 washed
1649 379 581 319 away
2012 379 436 319 so
2230 379 363 319 I
2303 379 436 319 cant

43 605 479 275 get
316 605 411 275 to
522 605 890 275 Demepoles
1206 605 548 275 they
1548 605 479 275 are
1822 605 548 275 very
2164 605 684 275 nearly
2575 605 342 275 all

52 777 530 300 yoin
383 777 398 300 by
582 777 530 300 such
913 777 994 300 tremendious
1708 777 663 300 ploads
2172 777 331 300 –
2304 777 331 300 I
2437 777 530 300 went
2702 777 265 300 to

10 959 553 322 see
326 959 553 322 Col
642 959 712 322 Jones
1117 959 632 322 last
1512 959 632 322 week
1907 959 395 322 -
2065 959 395 322 I
2224 959 632 322 told
2540 959 395 322 him

25 1170 339 319 I
161 1170 814 319 prefered
771 1170 475 319 him
1043 1170 678 319 seeing
1518 1170 611 319 about
1925 1170 543 319 that
2264 1170 678 319 caston
2671 1170 271 319 as

29 1349 528 269 the
330 1349 830 269 ordered
934 1349 453 269 it
1160 1349 679 269 thare
1613 1349 377 269 -
1764 1349 453 269 he
1990 1349 905 269 promised
2593 1349 302 269 me

20 1564 438 272 he
239 1564 657 272 would
677 1564 438 272 go
896 1564 657 272 thate
1334 1564 584 272 this
1699 1564 584 272 week
2064 1564 511 272 and
2283 1564 584 272 attend

32 1757 432 208 to
248 1757 432 208 it
464 1757 432 208 as
680 1757 504 208 the
967 1757 504 208 had
1255 1757 360 208 a
1399 1757 791 208 goodeal
1975 1757 648 208 thare
2406 1757 432 208 in
2550 1757 360 208 the

4 1929 679 340 same
429 1929 594 340 fit
768 1929 425 340 -
938 1929 594 340 Col
1278 1929 764 340 Jones
1787 1929 679 340 says
2212 1929 509 340 he
2381 1929 425 340 ard

40 2129 680 305 give
465 2129 765 305 Drake
975 2129 510 305 an
1230 2129 765 305 order
1739 2129 510 305 to
1994 2129 595 305 get
2249 2129 510 305 that

78 2344 718 236 Cotton
581 2344 502 236 and
868 2344 431 236 he
1083 2344 646 236 don't
1514 2344 502 236 see
1801 2344 502 236 whe
2088 2344 431 236 he
2303 2344 502 236 did
2518 2344 359 236 not

42 2519 533 315 get
346 2519 457 315 it
575 2519 381 315 -
727 2519 457 315 he
955 2519 609 315 also
1336 2519 609 315 says
1717 2519 533 315 the
2021 2519 457 315 he
2250 2519 533 315 was
2478 2519 457 315 loke

56 2734 478 286 me
295 2734 638 286 that
694 2734 478 286 he
933 2734 877 286 thought
1571 2734 478 286 it
1810 2734 558 286 was
2129 2734 478 286 in
2289 2734 718 286 mobile-

73 2920 404 347 my
275 2920 538 347 hags
611 2920 404 347 is
813 2920 606 347 doing
1217 2920 538 347 very
1553 2920 606 347 well.
1957 2920 336 347 I
2091 2920 538 347 have
2428 2920 336 347 a
2495 2920 404 347 very

75 3146 487 279 good
379 3146 548 279 stook
744 3146 365 279 of
927 3146 487 279 them
1231 3146 426 279 Iof
1475 3146 304 279 I
1596 3146 365 279 am
1779 3146 487 279 able
2083 3146 365 279 to
2266 3146 487 279 keep
2509 3146 365 279 them

117 3325 460 307 the
380 3325 591 307 hands
774 3325 394 307 is
971 3325 722 307 working
1496 3325 525 307 very
1824 3325 525 307 well
2153 3325 525 307 when
2415 3325 394 307 they

68 3525 507 286 can
357 3525 651 286 work-
791 3525 362 286 I
936 3525 579 286 have
1298 3525 362 286 a
1443 3525 941 286 toterable
2167 3525 579 286 good
2456 3525 507 286 stand

60 3708 373 275 of
246 3708 497 275 corn
557 3708 497 275 have
868 3708 435 275 not
1117 3708 435 275 bin
1366 3708 497 275 able
1676 3708 373 275 to
1863 3708 497 275 work
2174 3708 435 275 but
2423 3708 497 275 half
2671 3708 249 275 of

56 3922 435 276 ith
304 3922 621 276 before
739 3922 310 276 I
863 3922 435 276 had
1111 3922 372 276 to
1297 3922 372 276 go
1484 3922 372 276 to
1670 3922 745 276 planting
2166 3922 497 276 cotton

112 4094 494 319 the
395 4094 494 319 men
677 4094 706 319 pretty
1171 4094 565 319 much
1524 4094 494 319 all
1806 4094 565 319 keep
2159 4094 635 319 their
2512 4094 494 319 wifes

1140 4287 837 308 though
1726 4287 669 308 they
2144 4287 669 308 feed
2479 4287 502 308 them

29 4298 519 236 in
288 4298 605 236 the
547 4298 605 236 house

2023 4481 854 261 Ishave
2535 4481 342 261 to

46 4481 938 275 atther
609 4481 844 275 expence
