1805 2344
27 27 543 178 Rebrian
421 27 296 178 as
570 27 395 178 soon
816 27 296 178 as
964 27 247 178 I
1063 27 345 178 can
1260 27 247 178 -
1359 27 247 178 I
1409 27 345 178 shall

9 133 435 179 have
280 133 272 179 a
389 133 489 179 great
715 133 435 179 deal
987 133 326 179 to
1150 133 326 179 do
1313 133 380 179 now
1476 133 272 179 for

5 251 418 179 some
266 251 522 179 little
631 251 418 179 time
892 251 313 179 to
997 251 365 179 come.

2 365 514 211 wonder
361 365 308 211 if
516 365 360 211 the
721 365 514 211 father
1081 365 308 211 is
1235 365 411 211 with
1441 365 257 211 you

0 491 412 213 from
246 491 412 213 very
503 491 412 213 much
761 491 257 213 I
864 491 412 213 miss
1121 491 360 213 you
1327 491 412 213 all,
1533 491 154 213 I

0 616 349 211 thu
184 616 399 211 dear
433 616 498 211 little
782 616 648 211 children.
1280 616 299 211 Do
1380 616 299 211 give

1459 738 213 141 &

0 740 336 198 my
150 740 448 198 best
430 740 448 198 loon
710 740 336 198 to
878 740 392 198 Mr.
1046 740 504 198 Cameron

4 869 422 200 every
286 869 328 200 own
473 869 282 200 of
614 869 375 200 this
849 869 469 200 family
1177 869 235 200 &
1271 869 469 200 horses
1552 869 188 200 to

0 972 354 198 the
192 972 607 198 children
647 972 253 198 &
748 972 354 198 low
950 972 354 198 for
1152 972 354 198 the
1304 972 404 198 Antis-

3 1111 230 211 &
95 1111 323 211 all
279 1111 277 211 my
418 1111 507 211 friends
786 1111 230 211 -
878 1111 230 211 I
971 1111 323 211 was
1155 1111 277 211 so
1293 1111 415 211 sorry
1524 1111 184 211 to

1005 1227 382 201 My
1133 1227 636 201 non-puns

0 1242 562 143 Miss
344 1242 492 143 Dr.
555 1242 492 143 Antis

0 1337 294 211 an
136 1337 441 211 thing
430 1337 294 211 to
577 1337 392 211 very
823 1337 490 211 pretty
1117 1337 441 211 indeed.

44 1472 226 213 I
134 1472 496 213 suppose
495 1472 496 213 Rebells
856 1472 316 213 can
1037 1472 361 213 sure
1262 1472 271 213 be
1353 1472 181 213 in

0 1582 513 227 Ralugh
357 1582 410 227 very
613 1582 410 227 soon
870 1582 257 227 -
972 1582 308 227 do
1126 1582 359 227 let
1332 1582 308 227 me
1434 1582 308 227 hear

1 1731 446 209 when
280 1731 390 209 you
503 1731 390 209 get
726 1731 390 209 any
949 1731 613 209 tidings
1339 1731 335 209 from

6 1860 579 242 Mary.
392 1860 579 242 There
778 1860 386 242 am
971 1860 515 242 many
1229 1860 515 242 things

45 1986 238 213 I
141 1986 380 213 wish
378 1986 285 213 to
521 1986 380 213 say,
759 1986 333 213 but
949 1986 285 213 it
1091 1986 285 213 is
1234 1986 285 213 so
1329 1986 333 213 later
