2461 3169
1067 17 503 259 Palmyra
1433 17 457 259 Decem.
1753 17 366 259 21st
1936 17 229 259 '65

101 250 402 195 Paul
352 250 251 195 C
452 250 552 195 Cameron
804 250 251 195 Esq

445 459 313 160 My
601 459 417 160 Dear
810 459 260 160 Sir

928 523 478 262 Amidst
1263 523 334 262 the
1454 523 525 262 general
1836 523 430 262 orish
2074 523 239 262 and

102 738 301 160 rum
274 738 387 160 which
532 738 344 160 have
748 738 603 160 overtation
1221 738 301 160 the
1393 738 387 160 South
1651 738 258 160 as
1780 738 301 160 the
1953 738 430 160 result
2211 738 172 160 of

95 840 317 183 the
276 840 362 183 late
502 840 679 183 imfortunate
1045 840 362 183 war,
1271 840 317 183 and
1452 840 452 183 whilst
1768 840 452 183 matter
2085 840 271 183 of
2176 840 271 183 much

108 994 425 139 graver
406 994 595 139 importance
874 994 340 139 must
1086 994 553 139 necessary
1512 994 255 139 be
1639 994 468 139 foreing
1937 994 510 139 themselves

105 1133 256 137 on
233 1133 341 137 your
447 1133 597 137 attention,
916 1133 213 137 I
1001 1133 427 137 hardly
1300 1133 341 137 know
1513 1133 469 137 whether
1854 1133 256 137 or
1982 1133 299 137 not
2153 1133 256 137 it
2238 1133 171 137 is

99 1194 390 143 worth
359 1194 390 143 while
619 1194 260 143 to
749 1194 477 143 trouble
1095 1194 303 143 you
1269 1194 390 143 about
1528 1194 260 143 so
1658 1194 390 143 small
1918 1194 260 143 an
2005 1194 390 143 affair.

98 1293 253 192 as
224 1293 338 192 that
435 1293 253 192 of
562 1293 295 192 the
731 1293 506 192 services
1111 1293 253 192 of
1237 1293 422 192 Henry,
1533 1293 338 192 last
1744 1293 380 192 year.
1997 1293 211 192 I
2039 1293 338 192 office

89 1447 251 119 it
215 1447 251 119 to
341 1447 293 119 say
508 1447 503 119 however,
885 1447 335 119 that
1095 1447 335 119 like
1304 1447 377 119 many,
1556 1447 251 119 if
1681 1447 293 119 not
1849 1447 335 119 most
2017 1447 293 119 other

84 1517 610 209 enterprizes
573 1517 448 209 entered
898 1517 325 209 into
1101 1517 407 209 during
1386 1517 285 209 the
1549 1517 325 209 last
1752 1517 285 209 two
1915 1517 407 209 years,
2159 1517 163 209 it

79 1607 431 236 proved
380 1607 258 236 an
510 1607 431 236 entire
811 1607 517 236 failure.
1198 1607 301 236 The
1371 1607 388 236 horse
1629 1607 431 236 served
1930 1607 344 236 some
2103 1607 344 236 thirty

81 1758 290 154 odd
246 1758 414 154 mares,
536 1758 414 154 nearly
826 1758 290 154 all
992 1758 248 154 of
1116 1758 373 154 which
1364 1758 331 154 were
1571 1758 290 154 put
1737 1758 248 154 by
1861 1758 290 154 the
1985 1758 456 154 insurave,

80 1866 294 189 the
248 1866 378 189 price
500 1866 252 189 of
626 1866 378 189 which
878 1866 294 189 was
1046 1866 294 189 $35
1214 1866 462 189 payable
1551 1866 252 189 in
1677 1866 630 189 confederate
2139 1866 294 189 Treas

81 1965 308 157 urq
257 1965 396 157 Noles
521 1965 264 157 of
653 1965 308 157 the
829 1965 308 157 new
1005 1965 440 157 issue.
1313 1965 440 157 before
1621 1965 308 157 any
1797 1965 264 157 of
1929 1965 308 157 the
2061 1965 264 157 mary

95 2122 313 130 were
290 2122 235 130 as
408 2122 508 130 certained
799 2122 235 130 to
916 2122 235 130 be
1033 2122 235 130 in
1151 2122 352 130 full,
1385 2122 274 130 and
1542 2122 391 130 indeed
1815 2122 313 130 very
2011 2122 313 130 soon
2167 2122 274 130 after

97 2200 281 163 the
258 2200 362 163 close
499 2200 241 163 of
619 2200 281 163 the
780 2200 442 163 season,
1101 2200 281 163 Col
1262 2200 321 163 Kirk
1463 2200 321 163 made
1664 2200 281 163 his
1824 2200 562 163 celebrated
2226 2200 201 163 in-

89 2334 459 125 cursion
423 2334 251 125 to
549 2334 334 125 Camp
757 2334 418 125 Vance,
1050 2334 459 125 passing
1384 2334 501 125 directly
1759 2334 459 125 through
2052 2334 251 125 this

72 2424 466 151 County
399 2424 326 151 and
585 2424 513 151 Sealing
958 2424 326 151 all
1145 2424 326 151 the
1331 2424 420 151 horse
1611 2424 280 151 he
1751 2424 326 151 and
1937 2424 326 151 his
2077 2424 280 151 more

55 2528 449 175 could
354 2528 349 175 lay
554 2528 449 175 their
853 2528 449 175 hands
1152 2528 698 175 upon-among
1700 2528 399 175 them
1949 2528 249 175 a
1999 2528 399 175 number

77 2671 254 171 of
204 2671 296 171 the
373 2671 380 171 mares
626 2671 338 171 that
838 2671 296 171 had
1007 2671 338 171 been
1218 2671 296 171 put
1387 2671 254 171 to
1514 2671 423 171 Henry"
1810 2671 211 171 -
1894 2671 211 171 a
1979 2671 296 171 few
2106 2671 338 171 months

67 2752 457 201 lales,
387 2752 320 201 and
570 2752 457 201 before
890 2752 320 201 any
1073 2752 274 201 of
1210 2752 686 201 theselmance
1758 2752 411 201 money
2033 2752 320 201 was
2170 2752 274 201 col-

88 2868 473 160 tested,
432 2868 387 160 Genl.
690 2868 559 160 Stoueman,
1120 2868 387 160 great
1377 2868 344 160 said
1549 2868 817 160 occurred,onseping
