2450 3883
14 190 381 204 And
231 190 436 204 what
504 190 272 204 a
613 190 599 204 comfort
1049 190 327 204 it
1212 190 436 204 must
1485 190 436 204 have
1757 190 327 204 to
1866 190 218 204 at

6 375 339 125 the
199 375 387 125 idea
441 375 291 125 of
587 375 533 125 spoging
974 375 387 125 unto
1216 375 339 125 her
1410 375 387 125 Dear
1604 375 339 125 Aunto

15 457 494 119 Brocher
374 457 404 119 rec'd
644 457 225 119 a
734 457 449 119 letter
1048 457 359 119 from
1273 457 494 119 Faitier
1632 457 269 119 by
1767 457 314 119 the
1902 457 269 119 came

11 563 385 144 tain,
268 563 256 144 in
396 563 427 144 "which
695 563 256 144 he
823 563 427 144 stated
1123 563 342 144 that
1336 563 385 144 Uiele
1593 563 513 144 George's
1935 563 299 144 house

0 663 338 136 had
186 663 338 136 him
379 663 290 136 on
524 663 435 136 fire.
813 663 241 136 I
910 663 435 136 never
1200 663 386 136 hear
1441 663 579 136 anything
1827 663 290 136 from

21 766 468 128 Vannie,
361 766 255 128 is
488 766 298 128 she
658 766 298 128 not
828 766 255 128 at
956 766 425 128 school
1253 766 340 128 this
1423 766 425 128 cisstoce

16 864 414 125 Wout
275 864 362 125 you
482 864 518 125 please
845 864 362 125 ask
1052 864 570 125 Cousin.
1466 864 414 125 Anne
1673 864 466 125 Roulhac

17 984 276 117 to
155 984 413 117 write
430 984 276 117 to
568 984 322 117 me.
752 984 322 117 You
936 984 276 117 my
1074 984 367 117 love
1303 984 276 117 to
1441 984 322 117 all
1625 984 322 117 the
1762 984 322 117 young

0 1063 480 165 ladus
310 1063 320 165 of
470 1063 854 165 mydesuantana
1163 1063 427 165 (you
1430 1063 480 165 ennet
1750 1063 427 165 gove
1964 1063 213 165 my

0 1169 376 106 bove
223 1169 282 106 to
364 1169 329 106 all
552 1169 282 106 at
693 1169 423 106 Neile
975 1169 376 106 G.S.
1210 1169 329 106 you
1398 1169 376 106 must
1633 1169 470 106 excuse
1915 1169 188 106 me

24 1275 373 165 form
257 1275 512 165 writing
630 1275 279 165 to
770 1275 326 165 you
956 1275 373 165 with
1189 1275 233 165 a
1282 1275 559 165 perceit,
1701 1275 326 165 but
1841 1275 186 165 my

26 1394 349 147 pui
226 1394 300 147 is
376 1394 499 147 pliged
725 1394 349 147 bad
925 1394 399 147 that
1174 1394 250 147 I
1274 1394 349 147 can
1474 1394 349 147 not
1674 1394 349 147 use
1823 1394 250 147 it.

557 1470 464 131 Worte
815 1470 310 131 cron

1039 1549 224 193 I
1129 1549 269 193 am
1263 1549 359 193 your
1488 1549 448 193 affect
1757 1549 404 193 Trochur

1421 1736 440 177 Danréen

0 1878 302 168 Le
106 1878 453 168 verbe
407 1878 453 168 avoir
709 1878 352 168 est
860 1878 453 168 employé
