1740 2208
38 14 91 59 A.
83 14 91 59 M.
114 14 137 59 Netson.

1453 22 221 77 Λωμενέν

533 77 388 105 PETES
791 77 215 105 &
834 77 388 105 NELSON,

699 144 280 95 COMMERÇIA

525 211 173 168 O
594 211 173 168 -
628 211 138 168 R.

1009 221 248 152 14

407 261 161 148 67
461 261 80 148 6

622 361 137 40 7/16

736 334 352 71 N.

539 359 280 129 CARROLL
742 359 305 129 Cournry,
945 359 178 129 MISS.

357 418 365 158 Privirte

775 450 511 136 Carrollton,
1183 450 238 136 May
1320 450 272 136 15th
1456 450 204 136 1876

195 600 389 128 Governor
454 600 227 128 Stone

557 663 251 166 Dear
682 663 188 166 Sir:

804 760 234 118 Some
950 760 234 118 days
1096 760 204 118 ago
1213 760 146 118 I
1271 760 292 118 signed
1476 760 146 118 a
1505 760 175 118 Peti

70 841 261 114 -tion
244 841 465 114 recommending
622 841 174 114 my
709 841 319 114 friend.
941 841 203 114 Les
1057 841 203 114 Mr.
1173 841 290 114 Millan
1377 841 174 114 as
1435 841 174 114 one.

94 906 342 128 suitable
350 906 285 128 person
549 906 171 128 to
635 906 313 128 appoint
863 906 171 128 on
948 906 228 128 this
1090 906 256 128 Board
1261 906 171 128 of
1318 906 342 128 Registrars

85 975 200 105 for
200 975 228 105 this
342 975 314 105 County.
571 975 143 105 I
628 975 171 105 do
714 975 200 105 not
828 975 286 105 intend
1028 975 171 105 to
1113 975 286 105 recall
1313 975 257 105 that,
1485 975 171 105 or
1542 975 114 105 in

97 1056 229 101 any
228 1056 262 101 come
392 1056 361 101 qualify
655 1056 229 101 it;
786 1056 229 101 and
917 1056 197 101 do
1015 1056 229 101 not
1146 1056 262 101 wish
1310 1056 229 101 you
1441 1056 197 101 to
1507 1056 131 101 so

116 1131 450 95 runderstand
476 1131 240 95 this
626 1131 330 95 letter.
866 1131 210 95 But
986 1131 150 95 I
1046 1131 210 95 now
1166 1131 270 95 write
1346 1131 180 95 on
1436 1131 210 95 the
1526 1131 150 95 sug

118 1180 312 123 gistion
344 1180 170 123 of
429 1180 312 123 several
656 1180 170 123 of
741 1180 198 123 our
854 1180 312 123 friends
1081 1180 170 123 to
1166 1180 227 123 make
1308 1180 227 123 this
1421 1180 255 123 sugges.

112 1245 267 111 tion.
291 1245 238 111 Erz.
439 1245 208 111 For
558 1245 208 111 you
677 1245 178 111 to
766 1245 267 111 delay
944 1245 297 111 action
1152 1245 149 111 a
1212 1245 327 111 little,
1420 1245 208 111 until

116 1334 194 91 We
213 1334 259 91 have
374 1334 162 91 a
439 1334 259 91 sort
601 1334 194 91 of
698 1334 453 91 Conference
1054 1334 291 91 among
1248 1334 420 91 Qusselves
1539 1334 129 91 as

100 1376 192 124 to
196 1376 160 124 a
260 1376 319 124 proper
483 1376 319 124 board.
707 1376 192 124 We
802 1376 192 124 do
898 1376 255 124 this
1058 1376 192 124 be
1153 1376 319 124 living
1377 1376 255 124 that
1504 1376 160 124 you

91 1453 263 94 will
255 1453 197 94 be
354 1453 263 94 glad
518 1453 197 94 to
617 1453 263 94 have
781 1453 427 94 something
1110 1453 263 94 like
1274 1453 164 94 a
1340 1453 361 94 general
1570 1453 131 94 ex

90 1524 366 91 pression
364 1524 183 91 of
455 1524 366 91 hatmnion
730 1524 244 91 from
882 1524 335 91 pomment
1126 1524 213 91 and
1248 1524 244 91 good
1370 1524 335 91 citifens.

132 1583 320 112 Hoping
356 1583 256 112 that
516 1583 224 112 you
643 1583 288 112 fully
835 1583 447 112 appreciate
1187 1583 224 112 the
1314 1583 320 112 motive
1506 1583 160 112 and

120 1642 324 105 derigu
346 1642 194 105 of
443 1642 259 105 this
573 1642 226 105 note.

799 1650 180 105 I
871 1650 252 105 am,
1015 1650 216 105 as
1087 1650 252 105 ever,

671 1713 323 119 Yours
886 1713 287 119 very
1030 1713 251 119 truly

1197 1765 232 136 A.
1275 1765 347 136 MVelsen
