1201 1773
472 0 229 62 DEALER
610 0 115 62 IN¬

204 49 272 69 FÖREIGN
402 49 173 69 AND
501 49 297 69 DOMESTIC
724 49 173 69 DEY
798 49 198 69 GOODS,

79 96 159 73 Boots,
190 96 159 73 Shoes,
301 96 143 73 Hats,
396 96 143 73 Caps,
476 96 63 73 O:

571 112 90 54 wälisenen.

661 116 189 59 ordware,
803 116 236 59 Queensware,
992 116 126 59 &c.,
1055 116 79 59 &c.

347 155 143 67 Hughest
451 155 130 67 Market
542 155 143 67 Princes
646 155 104 67 Paid
711 155 91 67 for
750 155 117 67 Cotton.

134 172 128 90 13

385 216 299 75 Goodman,
585 216 199 75 Miss.,

905 219 190 59 187

65 245 259 155 The
213 245 444 155 coforrod
546 245 370 155 people
805 245 222 155 of
879 245 222 155 this

0 351 410 112 county.
281 351 298 112 have
467 351 298 112 made
654 351 335 112 every
840 351 298 112 effort

2 426 169 83 &
70 426 237 83 are
205 426 304 83 still
408 426 372 83 anxious
679 426 203 83 to
780 426 237 83 see
882 426 304 83 Russell

10 489 309 73 meet
203 489 270 73 the
358 489 541 73 punishment
783 489 270 73 due
898 489 232 73 him-

46 568 215 99 In
154 568 287 99 fach
333 568 215 99 at
440 568 358 99 least.
691 568 287 99 half
870 568 215 99 of
942 568 179 99 the

25 619 305 104 men
200 619 305 104 who
374 619 348 104 were
592 619 261 104 in
679 619 435 104 Yursuit.

16 685 226 125 of
129 685 452 125 Russell,
469 685 302 125 when
657 685 226 125 he
770 685 302 125 left
921 685 226 125 hen,

18 763 352 92 were
238 763 484 92 colored
590 763 352 92 men.
810 763 220 92 &
854 763 264 92 some

16 826 430 106 Joseph
317 826 344 106 have
532 826 301 106 gom
704 826 258 106 so
833 826 301 106 far
962 826 172 106 as

14 898 217 76 to
122 898 253 76 say
267 898 289 76 that
447 898 217 76 he
556 898 470 76 (Russell)
881 898 253 76 would

962 962 165 70 the

16 959 293 119 more
199 959 366 119 likely
456 959 220 119 be
565 959 403 119 husband
822 959 146 119 by

10 1024 309 114 Cal.
203 1024 386 114 peaph,
474 1024 309 114 Tham
667 1024 232 114 by
783 1024 270 114 the
899 1024 270 114 white

14 1094 269 116 as
149 1094 269 116 it
283 1094 269 116 is
418 1094 448 116 known,
731 1094 359 116 that
911 1094 179 116 he

0 1157 516 105 (Russell)
391 1157 357 105 while
629 1157 198 105 a
708 1157 436 105 color'd
986 1157 198 105 man

10 1243 322 77 (Doe
211 1243 362 77 black
452 1243 241 77 by
573 1243 362 77 name)
814 1243 281 77 was
934 1243 161 77 in

1 1298 354 104 prison
248 1298 212 104 in
355 1298 283 104 this
532 1298 354 104 place.
780 1298 283 104 (For
921 1298 248 104 appro

1 1382 359 93 prating
263 1382 229 93 the
393 1382 294 93 goods
589 1382 196 93 of
687 1382 294 93 other
850 1382 294 93 people)

0 1444 475 93 endeavoned
363 1444 204 93 to
465 1444 407 93 persuali
771 1444 238 93 the
872 1444 272 93 colons

3 1510 395 96 people
279 1510 395 96 around
555 1510 276 96 him
713 1510 237 96 to
792 1510 316 96 assist

2 1579 352 123 him
203 1579 302 123 to
354 1579 453 123 break
655 1579 302 123 cl
756 1579 352 123 Necks

0 1652 210 114 in
100 1652 245 114 the
240 1652 280 114 dead
415 1652 280 114 hour
591 1652 210 114 of
661 1652 280 114 night.
