1584 2517
427 205 398 160 Entaprise
734 205 245 160 Miss
887 205 276 160 March
1071 205 215 160 the
1194 205 245 160 23th
1316 205 184 160 1811

658 319 249 103 Mr
782 319 373 103 James
989 319 249 103 Hill

991 406 317 76 Dear
1150 406 198 76 sir

83 473 236 85 In
201 473 510 85 according
593 473 236 85 to
711 473 236 85 my
789 473 589 85 understanding

14 547 300 97 Thire
214 547 267 97 will
380 547 200 97 be
480 547 233 97 and
613 547 400 97 Election
913 547 267 97 held
1080 547 267 97 this
1213 547 200 97 fall

47 623 247 131 for
188 623 247 131 the
329 623 317 131 Jahre
540 623 211 131 of
645 623 423 131 Electing
962 623 317 131 State
1174 623 247 131 and
1279 623 282 131 County

0 701 364 98 officers

5 771 332 112 Thire
227 771 295 112 will
411 771 222 112 be
522 771 295 112 anen
707 771 332 112 board
928 771 222 112 of
1002 771 443 112 Registrats

2 856 379 109 affombd
277 856 207 109 as
380 856 241 109 the
518 856 448 109 Demacrats
863 856 207 109 in
966 856 276 109 this
1138 856 344 109 County
1345 856 172 109 are

44 925 367 114 Cailing
311 925 300 114 there
511 925 233 114 men
644 925 400 114 together
944 925 200 114 it
1044 925 400 114 behovets
1344 925 200 114 us
1411 925 133 114 to

5 1008 417 114 Commence
318 1008 278 114 work
492 1008 243 114 for
631 1008 243 114 the
770 1008 348 114 boture
1013 1008 174 114 I
1083 1008 313 114 wishd
1291 1008 209 114 to
1361 1008 139 114 be

7 1080 426 93 affainter
335 1080 197 93 on
433 1080 229 93 the
564 1080 295 93 board
761 1080 197 93 of
826 1080 459 93 Registration

0 1160 173 95 I
67 1160 277 95 have
240 1160 242 95 ben
378 1160 208 95 at
482 1160 277 95 work
655 1160 242 95 for
794 1160 208 95 my
897 1160 312 95 party
1105 1160 242 95 and
1243 1160 208 95 my
1313 1160 242 95 calor

0 1240 183 116 I
58 1240 329 116 wishd
277 1240 219 116 to
386 1240 438 116 beotlase
715 1240 219 116 in
825 1240 183 116 a
898 1240 438 116 posision
1227 1240 219 116 to
1300 1240 219 116 work

0 1316 422 121 tarcablely.

0 1403 156 99 I
50 1403 218 99 was
175 1403 187 99 in
269 1403 250 99 hast
424 1403 187 99 to
518 1403 281 99 write
705 1403 250 99 this
861 1403 312 99 letter
1080 1403 218 99 and
1204 1403 218 99 soe
1298 1403 187 99 most

0 1489 341 93 Essevse
236 1489 279 93 chose
422 1489 248 93 bail
577 1489 310 93 stelle
795 1489 279 93 March
981 1489 155 93 &
1012 1489 279 93 writing

0 1546 231 117 so
107 1546 269 117 ill
261 1546 346 117 close
492 1546 269 117 for
645 1546 269 117 the
761 1546 346 117 Present

767 1623 170 128 I
835 1623 409 128 exspects
1108 1623 204 128 you.

76 1703 530 108 Imectiably
455 1703 265 108 reply

703 1777 172 129 I
771 1777 206 129 am
874 1777 309 129 yours
1080 1777 343 129 honble
1287 1777 240 129 sert.

903 1847 480 105 Davick
1191 1847 336 105 Louis
