1780 1509
105 245 240 55 PROFESSIONAL
300 245 180 55 PRönƈTÇE
435 245 75 55 &
466 245 165 55 CHARGES
586 245 90 55 OF
616 245 165 55 ARCHITECT

202 300 118 57 BEING
280 300 118 57 THOSE
359 300 144 57 USUALLY
464 300 92 57 AND
516 300 157 57 PROPERLy
620 300 92 57 MADE,

348 358 76 45 AND
392 358 163 45 ENDERSEDflY
512 358 54 45 THE

141 410 228 46 AMERICAN
312 410 228 46 INDITUTE
482 410 114 46 OF
520 410 171 46 ARCHITI

132 494 71 64 For
173 494 81 64 full
223 494 163 64 Professional
356 494 122 64 services
448 494 143 64 (including
560 494 214 64 Superintendence,)
743 494 51 64 5
753 494 51 64 per

115 530 93 47 cent,
176 530 82 47 upon
228 530 72 47 the
269 530 82 47 cost
320 530 62 47 of
351 530 72 47 the
382 530 72 47 work.

137 563 112 49 Partial
219 563 112 49 Service
300 563 61 49 as
321 563 102 49 follows:

179 600 190 51 Forόreliminary
338 600 127 51 Studies,
433 600 53 51 1
454 600 74 51 per
486 600 74 51 cent.

172 640 237 45 ForυPreli[n]minary
377 640 129 45 Studies,
473 640 118 45 General
559 640 129 45 Drewings
656 640 75 45 and
688 640 108 45 Specifi¬

199 663 121 39 cations,
289 663 60 39 2½
320 663 70 39 per
350 663 70 39 cent.

175 681 208 47 ForυPreliunary
349 681 139 47 Studies,
453 681 127 47 General
546 681 150 47 Drewings,
661 681 127 47 Details
742 681 58 47 and

202 717 162 51 Secifications,
337 717 45 51 3
355 717 63 51 1/2
391 717 63 51 per
418 717 63 51 cent.

133 754 69 44 For
173 754 109 44 stores,
252 754 49 44 3
271 754 69 44 per
311 754 89 44 cent,
370 754 79 44 upon
419 754 69 44 the
459 754 89 44 cost,
518 754 109 44 divided
597 754 59 44 in
626 754 69 44 the
666 754 89 44 above
715 754 79 44 ratio.

138 791 77 34 For
182 791 98 34 works
247 791 87 34 that
302 791 87 34 cost
357 791 87 34 less
411 791 87 34 than
466 791 120 34 $5,000,
553 791 66 34 or
586 791 77 34 for
630 791 153 34 Monumental
739 791 55 34 and

109 823 158 44 Decorative
233 823 101 44 work,
300 823 79 44 and
345 823 124 44 gesigns
435 823 79 44 for
481 823 169 44 Turniture—a
616 823 124 44 special
706 823 90 44 rate
751 823 45 44 in

107 845 108 35 excess
183 845 65 35 of
215 845 75 35 the
247 845 86 35 above.

133 876 74 49 For
176 876 158 49 Hlterations
302 876 74 49 and
344 876 126 49 addition
438 876 84 49 s-an
491 876 147 49 additional
607 876 105 49 charge
680 876 63 49 to
712 876 63 49 be
733 876 63 49 made

110 899 75 44 for
153 899 107 44 survey
228 899 54 44 s
250 899 75 44 and
282 899 161 44 measurements.

129 940 63 35 An
160 940 146 35 additional
275 940 104 35 charge
348 940 63 35 to
379 940 63 35 be
410 940 83 35 made
462 940 73 35 for
504 940 156 35 alterations
629 940 63 35 or
660 940 136 35 additions
754 940 42 35 in

110 969 130 41 contracts
210 969 60 41 or
240 969 100 41 plans,
311 969 90 41 which
371 969 80 41 will
421 969 60 41 be
451 969 100 41 valued
521 969 60 41 in
551 969 140 41 proportion
662 969 60 41 to
692 969 70 41 the
722 969 70 41 addi¬

117 990 104 47 tional
189 990 83 47 time
241 990 72 47 and
282 990 124 47 services
365 990 114 47 employed.

130 1029 132 39 Necessary
232 1029 143 39 travelling
344 1029 122 39 expenses
435 1029 61 39 to
466 1029 61 39 be
496 1029 81 39 paid
547 1029 61 39 by
578 1029 71 39 the
608 1029 92 39 Client.

129 1049 80 50 Time
179 1049 90 50 spent
239 1049 60 50 by
269 1049 70 50 the
309 1049 130 50 architeci
409 1049 60 50 in
439 1049 120 50 visiting
529 1049 70 50 for
569 1049 150 50 profesional
679 1049 110 50 consulta¬

108 1086 98 39 tion,
173 1086 76 39 and
217 1086 65 39 in
249 1086 76 39 the
293 1086 174 39 accompanying
434 1086 119 39 travel,
521 1086 119 39 whether
607 1086 65 39 by
640 1086 76 39 day
683 1086 65 39 or
705 1086 87 39 night,

114 1119 86 37 will
168 1119 64 37 be
200 1119 118 37 charged
286 1119 86 37 for,
340 1119 118 37 whether
426 1119 64 37 or
458 1119 75 37 not
501 1119 75 37 any
544 1119 161 37 commission,
673 1119 107 37 either
737 1119 54 37 for

105 1145 103 36 office
177 1145 82 36 work
228 1145 62 36 or
259 1145 186 36 superintending
414 1145 93 36 work,
476 1145 62 36 is
497 1145 82 36 given.

128 1171 77 53 The
172 1171 166 53 Architect's
305 1171 133 53 payments
405 1171 77 53 are
449 1171 177 53 successively
593 1171 77 53 due
637 1171 66 53 as
670 1171 77 53 his
714 1171 89 53 work
759 1171 44 53 is

107 1204 136 52 completed,
214 1204 58 52 in
243 1204 68 52 the
282 1204 87 52 order
340 1204 58 52 of
370 1204 68 52 the
409 1204 87 52 above
457 1204 175 52 classifications.

991 256 93 43 Until
1053 256 62 43 an
1084 256 103 43 actual
1156 256 124 43 estimate
1249 256 62 43 is
1280 256 134 43 received,
1384 256 72 43 the
1425 256 114 43 charges
1508 256 72 43 are
1549 256 93 43 based
1601 256 62 43 upon

978 299 74 29 the
1021 299 126 29 proposed
1115 299 84 29 cost
1168 299 63 29 of
1200 299 74 29 the
1242 299 105 29 works,
1315 299 74 29 and
1358 299 74 29 the
1400 299 126 29 payments
1495 299 74 29 are
1537 299 126 29 received
1621 299 42 29 as

977 320 151 35 instalments
1098 320 60 35 of
1128 320 70 35 the
1168 320 101 35 entire
1238 320 80 35 fee,
1289 320 91 35 which
1349 320 60 35 is
1379 320 91 35 based
1440 320 80 35 upon
1490 320 70 35 the
1530 320 101 35 actual
1591 320 70 35 cost.

1003 359 71 30 The
1043 359 131 30 Architect
1144 359 91 30 based
1204 359 71 30 his
1245 359 161 30 professional
1376 359 101 30 charge
1446 359 81 30 upon
1497 359 71 30 the
1537 359 101 30 entire
1597 359 71 30 cost,

982 388 65 32 to
1015 388 141 32 theÖwner,
1123 388 65 32 of
1156 388 76 32 the
1200 388 130 32 building
1297 388 87 32 when
1352 388 152 32 completed,
1471 388 141 32 including
1580 388 76 32 all
1613 388 54 32 the

980 407 116 41 fixtures
1067 407 125 41 necessary
1164 407 58 41 to
1193 407 96 41 render
1260 407 58 41 it
1289 407 68 41 fit
1328 407 68 41 for
1366 407 145 41 occupation,
1482 407 68 41 and
1520 407 58 41 is
1549 407 116 41 entitled
1626 407 39 41 to

977 440 51 35 a
997 440 82 35 fair
1049 440 144 35 additional
1162 440 165 35 compensation
1296 440 72 35 for
1337 440 134 35 furniture
1440 440 62 35 or
1471 440 93 35 other
1532 440 123 35 articles
1615 440 51 35 de¬

977 465 103 43 signed
1049 465 175 43 or.)purchased
1193 465 62 43 by
1224 465 72 43 the
1255 465 123 43 Architect.

1001 489 61 46 If
1031 489 72 46 any
1072 489 123 46 material
1164 489 61 46 or
1195 489 82 46 work
1246 489 82 46 used
1297 489 61 46 in
1328 489 72 46 the
1369 489 164 46 construction
1502 489 61 46 of
1532 489 72 46 the
1563 489 102 46 building

981 518 63 37 be
1012 518 116 37 already
1096 518 84 37 upon
1149 518 74 37 the
1191 518 116 37 ground,
1275 518 63 37 or
1306 518 84 37 come
1359 518 84 37 into
1411 518 147 37 possession
1527 518 63 37 of
1558 518 74 37 the
1590 518 74 37 owner

981 550 112 34 without
1062 550 112 34 expense
1143 550 61 34 to
1174 550 81 34 him,
1224 550 71 34 the
1265 550 91 34 value
1326 550 61 34 of
1356 550 81 34 said
1407 550 122 34 material
1498 550 61 34 or
1529 550 81 34 work
1580 550 61 34 is
1610 550 61 34 to
1630 550 41 34 be

980 576 97 42 added
1045 576 65 42 to
1077 576 75 42 the
1120 576 75 42 sum
1163 576 129 42 actually
1260 576 129 42 expended
1357 576 86 42 upon
1411 576 75 42 the
1454 576 129 42 building
1551 576 108 42 before
1616 576 54 42 the

987 607 157 43 Architeet’s
1112 607 147 43 commission
1228 607 63 43 is
1249 607 115 43 computed.

1000 633 143 56 Drawings,
1110 633 66 56 as
1143 633 165 56 instruments
1275 633 66 56 of
1308 633 132 56 service,
1407 633 77 56 are
1451 633 77 56 the
1495 633 132 56 property
1594 633 66 56 of
1616 633 55 56 the

986 667 74 43 Arch
1023 667 83 43 alleet.
