2315 2900
369 61 174 86 fils.

620 30 239 172 Monsieur

1195 67 352 199 Juni
1415 67 308 199 ca.
1591 67 308 199 co.
1722 67 396 199 Sept„th

530 172 310 139 1e

119 263 514 186 Mr
291 263 771 186 cauvrou

968 341 589 197 Dear
1263 341 442 197 Sir,

1602 413 641 194 Since

82 527 388 177 my
276 527 517 177 last
599 527 581 177 there
987 527 452 177 has
1245 527 517 177 been
1504 527 775 177 considered

43 696 494 111 ble
326 696 777 111 sichays
891 696 565 111 more
1244 696 565 111 than
1597 696 494 111 any
1808 696 424 111 week

33 768 607 161 prious
458 768 607 161 though
883 768 668 161 nothing
1368 768 607 161 sinous
1733 768 485 161 except

33 879 337 119 in
201 879 393 119 the
426 879 449 119 case
707 879 337 119 of
875 879 618 119 Goalive
1324 879 393 119 who
1549 879 393 119 had
1774 879 337 119 an
1886 879 393 119 attac

28 976 367 122 of
211 976 489 122 copy
517 976 611 122 morbus
945 976 550 122 which
1312 976 550 122 might
1679 976 489 122 have
1923 976 367 122 been

22 1070 291 122 a
138 1070 407 122 bad
371 1070 465 122 case
662 1070 349 122 it
836 1070 407 122 she
1069 1070 407 122 had
1301 1070 407 122 not
1534 1070 465 122 been
1767 1070 523 122 relieve

26 1164 362 142 the
233 1164 465 142 other
543 1164 465 142 cases
853 1164 827 142 s[illegible]
1526 1164 569 142 Billons
1887 1164 414 142 atties

1090 1275 548 131 no
1364 1275 639 131 one
1637 1275 548 131 sick

33 1281 392 125 and
257 1281 560 125 chills
649 1281 392 125 and
817 1281 336 125 from

17 1395 591 130 much
387 1395 444 130 at
609 1395 591 130 this
978 1395 591 130 time
1348 1395 444 130 my
1570 1395 591 130 wife
1865 1395 370 130 was

58 1456 562 158 sick
409 1456 562 158 lost
760 1456 562 158 week
1111 1456 562 158 with
1463 1456 351 158 a
1603 1456 562 158 sort
1884 1456 281 158 of

50 1564 694 127 nervious
571 1564 636 127 villons
1033 1564 578 127 other,
1438 1564 405 127 she
1669 1564 347 127 is
1785 1564 289 127 not

49 1658 466 147 Bob
316 1658 466 147 has
582 1658 466 147 had
782 1658 532 147 chills

53 1763 378 150 no
242 1763 944 150 perciviable
997 1763 629 150 change
1438 1763 378 150 in
1627 1763 441 150 the
1815 1763 378 150 erop

40 1866 538 114 there
399 1866 418 114 has
638 1866 478 114 been
937 1866 418 114 two
1176 1866 478 114 much
1474 1866 478 114 rain
1713 1866 538 114 +oloudy

31 1949 695 136 whether,
552 1949 405 136 the
784 1949 579 136 extent
1190 1949 348 136 of
1363 1949 405 136 the
1537 1949 753 136 eropdepines

33 2049 555 130 greatly
436 2049 302 130 on
587 2049 353 130 the
789 2049 504 130 season
1142 2049 403 130 from
1394 2049 403 130 this
1646 2049 353 130 out
1847 2049 353 130 the
1999 2049 302 130 24th

14 2163 301 122 is
164 2163 451 122 large
465 2163 351 122 and
665 2163 301 122 if
815 2163 451 122 there
1116 2163 501 122 should
1467 2163 301 122 be
1617 2163 250 122 a
1717 2163 451 122 great
1967 2163 301 122 deal

8 2235 316 138 of
166 2235 422 138 rain
430 2235 369 138 and
641 2235 475 138 loudg
958 2235 580 138 weather
1379 2235 580 138 cottain
1801 2235 422 138 will
2012 2235 264 138 not

22 2354 520 114 open,
369 2354 462 114 work
658 2354 405 114 has
889 2354 867 114 beenEidking
1583 2354 578 114 cottum
1929 2354 347 114 work

1180 2437 389 150 no
1375 2437 907 150 particular
2023 2437 259 150 to

27 2443 286 155 in
170 2443 238 155 a
265 2443 571 155 building
646 2443 524 155 ditchings

1 2531 343 167 =le
197 2531 392 167 with
442 2531 343 167 the
638 2531 441 167 hands
932 2531 735 167 [illegible]
1519 2531 392 167 this
1764 2531 294 167 as
1862 2531 392 167 <gap/>

19 2623 321 166 in
179 2623 642 166 building
660 2623 374 166 all
874 2623 535 166 Humble
1249 2623 374 166 and
1463 2623 642 166 obedient
1891 2623 374 166 stock

39 2723 349 147 all
239 2723 449 147 doing
538 2723 449 147 will.
788 2723 699 147 Respectfully

1417 2725 420 145 gous
1679 2725 420 145 W.J.
1889 2725 315 145 pour
