1544 2424
70 78 265 150 heal
235 78 199 150 it
335 78 199 150 up
434 78 199 150 at
500 78 232 150 once.

168 196 175 131 I
238 196 280 131 have
413 196 280 131 come
588 196 210 131 to
693 196 280 131 know
869 196 245 131 one
1009 196 280 131 Mary
1149 196 280 131 Walker

47 294 396 122 formerly
344 294 198 122 in
443 294 264 122 your
608 294 363 122 family,
873 294 231 122 and
1005 294 165 122 I
1071 294 264 122 have
1203 294 198 122 seen

40 388 233 137 how
173 388 267 137 sick
340 388 200 137 at
440 388 300 137 heart
640 388 233 137 she
773 388 200 137 is
873 388 300 137 about
1073 388 233 137 her
1173 388 267 137 mother

52 490 233 122 and
185 490 465 122 especially
550 490 233 122 her
683 490 233 122 two
816 490 432 122 children,
1149 490 199 122 It
1248 490 199 122 is
1315 490 166 122 not

46 572 227 143 (if
175 572 162 143 I
240 572 389 143 remember
532 572 292 143 their
727 572 292 143 names
922 572 357 143 aright)
1181 572 227 143 who
1279 572 162 143 are

14 664 297 162 still
212 664 264 162 with
377 664 264 162 you,
542 664 297 162 Agnes
741 664 231 162 and
873 664 363 162 Briant.
1137 664 231 162 She
1236 664 165 162 has

9 762 263 132 been
173 762 361 132 herself
436 762 197 132 in
534 762 427 132 miserable
863 762 328 132 health
1093 762 230 132 for
1191 762 197 132 some

2 862 301 115 years
202 862 234 115 and
336 862 435 115 sometimes
670 862 301 115 ready
871 862 201 115 to
971 862 267 115 die;
1138 862 234 115 but
1238 862 134 115 is

0 956 227 131 now
123 956 195 131 in
221 956 227 131 her
351 956 292 131 usual
546 956 357 131 health,
806 956 260 131 able
968 956 195 131 to
1066 956 195 131 go
1131 956 227 131 about

1 1048 226 138 and
130 1048 193 138 do
226 1048 226 138 her
355 1048 290 138 daily
549 1048 290 138 work,
742 1048 226 138 but
871 1048 258 138 very
1032 1048 290 138 frail
1193 1048 161 138 and

0 1146 266 137 often
176 1146 237 137 very
324 1146 414 137 suffering.
649 1146 207 137 She
768 1146 178 137 is
857 1146 148 137 a
916 1146 296 137 lovely
1093 1146 237 137 person

0 1240 194 132 so
77 1240 227 132 far
206 1240 194 132 as
304 1240 162 132 I
368 1240 259 132 have
530 1240 227 132 had
660 1240 194 132 an
757 1240 486 132 opportunity
1146 1240 194 132 to
1211 1240 194 132 know

0 1330 343 138 through
232 1330 218 138 the
357 1330 312 138 report
575 1330 187 138 of
669 1330 187 138 my
762 1330 343 138 friends
1012 1330 218 138 and
1105 1330 281 138 several

0 1424 450 118 interviews
333 1424 257 118 with
494 1424 385 118 herself.
783 1424 225 118 She
911 1424 193 118 is
1008 1424 161 118 a
1072 1424 353 118 sincere
1297 1424 96 118 &

15 1525 381 122 elevated
301 1525 604 122 Christian,acars
810 1525 445 122 everything
1128 1525 286 122 without

32 1634 452 98 complaint,
387 1634 258 98 with
548 1634 161 98 a
612 1634 290 98 sweet
806 1634 323 98 simple
1032 1634 226 98 and
1161 1634 161 98 a
1193 1634 226 98 plea-

17 1727 255 140 sant
177 1727 255 140 word
336 1727 223 140 for
464 1727 447 140 everybody;
815 1727 223 140 and
942 1727 223 140 her
1038 1727 287 140 winning

11 1824 412 148 ladylike
319 1824 171 148 &
388 1824 583 148 conscientious
868 1824 412 148 carriage
1143 1824 171 148 has

15 1927 276 109 made
187 1927 242 109 her
325 1927 173 109 a
394 1927 311 109 large
601 1927 345 109 ciecle
843 1927 207 109 of
912 1927 311 109 friends

118 2017 232 139 But
250 2017 265 139 with
416 2017 232 139 all
548 2017 265 139 this
713 2017 232 139 her
846 2017 298 139 heart
1044 2017 198 139 is
1110 2017 265 139 slowly

66 2114 409 153 breaking.
381 2114 220 153 She
507 2114 315 153 thinks
727 2114 189 153 of
821 2114 346 153 nothing
1073 2114 220 153 but
1168 2114 157 153 her

37 2227 405 153 childen,
341 2227 236 153 and
476 2227 338 153 speaks
712 2227 203 153 of
814 2227 371 153 nothing
1084 2227 270 153 else
1219 2227 203 153 when
