2443 3879
1026 4 262 122 His
1138 4 449 122 Excellency

0 65 352 158 with
191 65 308 158 the
367 65 528 158 greatest
763 65 484 158 respect
1114 65 264 158 to
1202 65 396 158 himself

0 225 330 156 and
150 225 330 156 his
338 225 377 156 high
574 225 472 156 Office
904 225 519 156 declare
1234 225 425 156 however

0 375 292 134 to
112 375 487 134 accede
453 375 292 134 to
599 375 390 134 that
794 375 633 134 neggestion.

73 507 296 162 If
221 507 246 162 I
319 507 296 162 am
467 507 296 162 to
615 507 296 162 be
763 507 591 162 supposed
1206 507 296 162 as
1305 507 246 162 the

0 632 422 143 head
230 632 317 143 of
388 632 317 143 my
547 632 792 143 Department,
1180 632 264 143 I
1233 632 422 143 submit

0 747 272 171 to
97 747 318 171 His
278 747 636 171 Excellency
778 747 363 171 that
1005 747 272 171 no
1096 747 590 171 subordinate

0 907 513 154 Officer,
348 907 427 154 should
647 907 256 154 be
775 907 470 154 allowed
1117 907 256 154 to
1246 907 299 154 act
1417 907 256 154 as
1502 907 171 154 he

0 1040 368 141 has
175 1040 474 141 done,
491 1040 368 141 and
701 1040 368 141 his
911 1040 579 141 conduct
1280 1040 368 141 would

0 1158 364 174 have
182 1158 364 174 been
410 1158 364 174 laid
637 1158 455 174 before
956 1158 319 174 His
1092 1158 546 174 Excellency

0 1292 323 224 and
139 1292 693 224 theeeentive
693 1292 508 224 Council
1062 1292 370 224 this
1247 1292 416 224 morning

0 1446 316 200 had
135 1446 316 200 not
316 1446 271 200 my
451 1446 586 200 knowledge
902 1446 271 200 of
1037 1446 316 200 the
1173 1446 496 200 infirmity

0 1593 265 167 of
109 1593 310 167 his
286 1593 442 167 temper
596 1593 310 167 and
773 1593 221 167 a
861 1593 575 167 chantable
1259 1593 398 167 feeling

0 1722 505 154 towards
335 1722 322 154 his
518 1722 413 154 wife,
794 1722 322 154 who
978 1722 276 154 in
1116 1722 322 154 the
1253 1722 322 154 event

0 1842 275 170 of
100 1842 320 170 his
283 1842 458 170 losing
603 1842 320 170 his
786 1842 595 170 situation
1243 1842 412 170 would
1472 1842 183 170 be

0 1983 644 160 penneless
461 1983 545 160 induced
857 1983 297 160 me
1006 1983 297 160 to
1155 1983 396 160 take
1353 1983 198 160 no

0 2137 206 164 a
82 2137 412 164 notice
371 2137 247 164 of
495 2137 289 164 the
660 2137 412 164 result
948 2137 247 164 in
1072 2137 247 164 or
1154 2137 536 164 explanation

0 2250 514 177 however
333 2250 280 177 of
473 2250 280 177 my
613 2250 514 177 refusal
987 2250 280 177 to
1081 2250 607 177 communicate

0 2379 329 183 with
165 2379 329 183 him.
371 2379 206 183 I
453 2379 329 183 have
659 2379 329 183 been
865 2379 453 183 obliged
1194 2379 247 183 to
1276 2379 412 183 droplore

0 2520 319 132 his
106 2520 456 132 conduct.

385 2617 222 199 I
473 2617 355 199 have
695 2617 311 199 the
873 2617 400 199 honor
1140 2617 266 199 to
1228 2617 178 199 be

614 2804 395 145 S
693 2804 237 145 W

769 2928 387 198 Your
1011 2928 387 198 most
1253 2928 339 198 obd
1398 2928 290 198 Seul

838 3162 740 162 Matcliffe
1350 3162 342 162 Pany

342 3328 180 154 to

979 3324 554 170 Altoiney
1348 3324 416 170 General

157 3551 342 63 5

307 3675 158 66 the
