2439 3027
338 0 447 155 39
487 0 224 155 a

18 15 548 195 59.
253 15 313 195 52

1378 15 347 239 5th
1577 15 595 239 December
1974 15 347 239 1859.

866 152 573 254 Sydneg
1267 152 459 254 15th
1554 152 688 254 December
2012 152 344 254 1839

0 143 528 263 Dr.
212 143 603 263 Samuel

634 315 710 155 inquiring
1180 315 491 155 where
1508 315 328 155 he
1672 315 328 155 is
1835 315 328 155 to
1944 315 328 155 send

0 380 631 219 Deoque

148 464 619 167 Londers
598 464 394 167 for
823 464 619 167 Country
1273 464 281 167 -
1386 464 506 167 dist.
1723 464 338 167 of
1836 464 450 167 Coundy

626 587 486 225 Being
950 587 648 225 desirous
1436 587 324 225 of
1598 587 702 225 tendering
2084 587 270 225 for

14 721 428 164 Some
281 721 588 164 Country
708 721 321 164 in
869 721 374 164 the
1082 721 374 164 new
1296 721 641 164 District
1777 721 321 164 of
1884 721 481 164 Hennedy

2 826 560 222 Colony
394 826 336 222 of
562 826 840 222 Quaensland.
1234 826 280 222 I
1346 826 504 222 shall
1682 826 560 222 esteem
2074 826 336 222 it
2186 826 168 222 a

16 984 457 172 favor
321 984 305 172 if
473 984 355 172 you
676 984 406 172 will
930 984 355 172 let
1133 984 305 172 me
1286 984 406 172 know
1540 984 305 172 at
1692 984 406 172 your
1895 984 508 172 cartiest

7 1101 822 195 convenience,
675 1101 565 195 whether
1086 1101 257 195 I
1189 1101 308 195 am
1343 1101 308 195 to
1497 1101 411 195 send
1754 1101 360 195 the
1908 1101 463 195 Lenders

5 1194 270 170 in
140 1194 270 170 as
275 1194 631 170 heretofore
771 1194 270 170 to
906 1194 316 170 the
1087 1194 406 170 Crown
1357 1194 406 170 Lands
1628 1194 451 170 office
1943 1194 270 170 in
2033 1194 361 170 Sydner

0 1317 280 149 or
134 1317 513 149 whether
508 1317 373 149 they
741 1317 327 149 are
928 1317 280 149 to
1068 1317 280 149 be
1208 1317 607 149 forwarded
1674 1317 280 149 to
1767 1317 607 149 Quiensland,

0 1445 379 202 and
200 1445 325 202 if
363 1445 379 202 so,
579 1445 325 202 to
741 1445 433 202 whom
1012 1445 325 202 am
1174 1445 271 202 I
1282 1445 325 202 to
1445 1445 595 202 address
1823 1445 379 202 them.

70 1568 621 222 Waiting
521 1568 452 222 your
747 1568 395 222 reply

1197 1583 424 245 I
1282 1583 339 245 am

1383 1775 476 181 Dear
1620 1775 357 181 Sir:

1240 1895 456 178 Yours
1494 1895 608 178 Obediently

1242 2070 596 175 Leurs
1573 2070 529 175 Samuel

0 2155 317 274 A.
121 2155 317 274 O.
279 2155 581 274 Monarty
649 2155 370 274 Esqr.

324 2348 342 163 4

0 2418 841 181 Bushire

0 2540 982 231 Queensland
