2419 2966
137 141 388 149 Unto
380 141 340 149 the
526 141 582 149 Honowrable

228 277 341 144 The
423 277 536 144 Colonel
764 277 536 144 Secretary

657 378 520 115 Quiens
969 378 312 115 lous

1287 581 527 170 Ipewich
1670 581 287 170 18
1814 581 383 170 Feby
2006 581 335 170 1860.

460 682 283 125 Sir

736 775 220 136 I
824 775 352 136 have
1044 775 308 136 the
1220 775 440 136 honour
1528 775 264 136 to
1659 775 440 136 submit
1967 775 264 136 to
2055 775 220 136 the

209 903 576 157 Execution
652 903 266 157 of
785 903 665 157 Quiensland,
1317 903 310 157 the
1494 903 532 157 inclosed
1848 903 488 157 documents

238 1002 309 165 for
414 1002 309 165 the
591 1002 529 165 purposes
988 1002 573 165 mentioned
1428 1002 529 165 thereon:
1781 1002 353 165 namely

562 1127 176 165 1
632 1127 281 165 List
808 1127 211 165 of
914 1127 317 165 Sites
1089 1127 352 165 granted.

546 1228 221 162 11
657 1228 294 162 List
840 1228 221 162 of
951 1228 331 162 Sites
1134 1228 368 162 promised

555 1324 250 138 III
698 1324 286 138 List
877 1324 214 138 of
984 1324 322 138 Liter
1199 1324 322 138 asked
1377 1324 179 138 for

304 1420 358 162 some
528 1420 269 162 of
663 1420 314 162 the
842 1420 403 162 Eites
1111 1420 269 162 in
1245 1420 358 162 liet
1469 1420 224 162 i
1559 1420 314 162 are
1738 1420 493 162 already
2051 1420 314 162 built

223 1526 385 176 upon,
480 1526 299 176 and
651 1526 342 176 most
864 1526 256 176 of
992 1526 299 176 the
1163 1526 470 176 others,
1505 1526 342 176 with
1719 1526 385 176 those
1975 1526 256 176 on
2061 1526 299 176 Lists

215 1638 256 168 II
343 1638 298 168 and
514 1638 341 168 III,
727 1638 298 168 are
897 1638 511 168 expected
1281 1638 256 168 to
1409 1638 256 168 be
1537 1638 554 168 occupied,
1963 1638 341 168 very
2133 1638 256 168 soon

558 1742 532 144 Iverstees
967 1742 327 144 have
1172 1742 327 144 been
1377 1742 532 144 appointed
1786 1742 287 144 for
1950 1742 409 144 nearly
2195 1742 205 144 all

228 1822 288 170 the
392 1822 370 170 after
639 1822 246 170 on
762 1822 329 170 List
967 1822 246 170 1.
1091 1822 288 170 The
1255 1822 370 170 names
1501 1822 246 170 of
1625 1822 370 170 these
1871 1822 329 170 will
2076 1822 246 170 be
2159 1822 246 170 sub-

230 1931 418 179 mitted
523 1931 460 179 through
857 1931 335 179 you,
1067 1931 251 179 to
1192 1931 293 179 his
1359 1931 585 179 Excellency
1819 1931 293 179 the
1945 1931 418 179 Governor

245 2024 316 174 for
426 2024 316 174 his
606 2024 768 174 confirmation,
1239 2024 271 174 as
1374 2024 361 174 soon
1600 2024 271 174 as
1736 2024 316 174 the
1871 2024 497 174 Execution

248 2131 362 154 have
474 2131 589 154 conformed
927 2131 317 154 the
1063 2131 407 154 grants.

565 2227 242 125 I
661 2227 387 125 have
904 2227 339 125 the
1097 2227 484 125 honour
1436 2227 291 125 to
1582 2227 339 125 be.
1727 2227 242 125 Sir

876 2344 387 109 Your
1117 2344 387 109 Most
1359 2344 435 109 Obedt
1600 2344 387 109 Servt;

1021 2448 463 117 William
1358 2448 421 117 Lambie
1652 2448 463 117 Aklson,
1947 2448 421 117 Minister

1141 2552 436 176 Church
1447 2552 262 176 of
1578 2552 567 176 Scotland,
1970 2552 393 176 Opsurch
