3600 2400
1396 243 120 121 I
1444 243 192 121 have
1564 243 264 121 toûmark
1756 243 192 121 that
1876 243 144 121 in
1948 243 360 121 consequence
2212 243 96 121 of

1401 325 155 107 the
1490 325 333 107 inferiority
1756 325 133 107 of
1823 325 155 107 the
1912 325 178 107 Goal
2023 325 133 107 at
2067 325 200 107 present

1396 393 273 89 supplied
1601 393 137 89 at
1669 393 296 89 Brisbave,
1897 393 114 89 a
1943 393 228 89 longer
2079 393 228 89 quantity

1399 442 189 124 had
1507 442 216 124 been
1642 442 189 124 put
1750 442 162 124 on
1831 442 243 124 board
1994 442 243 124 there
2129 442 162 124 than

1403 512 163 115 was
1496 512 302 115 intended,
1728 512 163 115 but
1821 512 139 115 on
1891 512 256 115 barning
2077 512 186 115 this
2170 512 139 115 fact

1399 581 292 93 supplies
1618 581 146 93 of
1691 581 195 93 coal
1813 581 195 93 have
1935 581 195 93 been
2032 581 268 93 forwarded

1392 636 152 103 to
1468 636 202 103 wide
1594 636 177 103 Bay
1695 636 126 103 &
1745 636 379 103 Roekhampton
2048 636 227 103 which
2175 636 152 103 will

1401 718 223 108 render
1557 718 134 108 it
1623 718 334 108 unnecessary
1890 718 134 108 to
1957 718 200 108 labre
2091 718 156 108 the
2157 718 156 108 whole

1402 783 237 100 supply
1568 783 142 100 at
1639 783 308 100 Brishave,
1876 783 166 100 and
1971 783 260 100 thereby
2136 783 166 100 leave

1432 834 140 122 be
1502 834 327 122 sufficient
1759 834 210 122 space
1899 834 164 122 for
1993 834 234 122 large.
2133 834 117 122 The

1424 915 201 102 teriff
1565 915 121 102 of
1625 915 241 102 charges,
1806 915 201 102 which,
1947 915 121 102 it
2007 915 141 102 was
2068 915 261 102 considered,

1406 977 178 107 with
1517 977 111 107 a
1562 977 245 107 limited
1740 977 245 107 traffic
1918 977 178 107 were
2029 977 178 107 fair
2118 977 156 107 said.

1408 1024 333 119 reasonable
1670 1024 190 119 will
1788 1024 143 119 be
1860 1024 380 119 reconsidered
2169 1024 143 119 by
2216 1024 119 119 the

1384 1115 265 72 Duetors.

1636 1168 218 99 Having
1789 1168 174 99 thus
1898 1168 283 99 submitted
2116 1168 153 99 the
2181 1168 153 99 views

1426 1240 119 109 of
1486 1240 138 109 the
1565 1240 237 109 Director
1742 1240 119 109 as
1802 1240 119 109 to
1861 1240 138 109 the
1940 1240 296 109 Eligebility
2177 1240 119 109 of
2216 1240 99 109 the

1422 1311 251 100 Iamar
1589 1311 418 100 fortsorming
1924 1311 195 100 the
2008 1311 251 100 service

1414 1373 334 94 undertaken,
1681 1373 200 94 under
1815 1373 267 94 ordinary
1993 1373 356 94 circumstances,

1426 1432 120 108 I
1474 1432 192 108 have
1594 1432 264 108 further
1786 1432 144 108 to
1858 1432 216 108 state
2003 1432 192 108 that
2099 1432 192 108 should

1424 1499 179 112 Your
1536 1499 336 112 Government,
1804 1499 157 112 not
1894 1499 179 112 with
2005 1499 269 112 standing
2184 1499 157 112 these

1435 1562 163 113 veems
1544 1562 181 113 desire
1671 1562 109 113 it
1725 1562 127 113 the
1798 1562 272 113 [illegible]
2016 1562 218 113 Director
2179 1562 145 113 will
2251 1562 73 113 be

1433 1635 281 115 preConed
1643 1635 140 115 to
1713 1635 211 115 enter
1854 1635 187 115 into
1947 1635 328 115 negotiatious

1431 1695 156 107 for
1520 1695 156 107 the
1609 1695 357 107 substitution
1899 1695 134 107 of
1965 1695 245 107 another
2121 1695 201 107 steamer

1430 1793 168 90 for
1526 1793 168 90 the
1622 1793 240 90 zamar,
1790 1793 168 90 but
1887 1793 144 90 as
1959 1793 216 90 there
2103 1793 144 90 is
2151 1793 144 90 none

1417 1810 302 113 available
1649 1810 139 113 at
1718 1810 255 113 present
1904 1810 186 113 that
2020 1810 162 113 can
2113 1810 139 113 be
2159 1810 186 113 worked

1429 1898 116 118 o
1475 1898 255 118 cheuply
1661 1898 139 118 as
1730 1898 186 118 that
1846 1898 255 118 vessel,
2032 1898 162 118 the
2101 1898 209 118 Compang

2035 1962 259 96 would
