3600 2400
1402 193 171 144 John
1509 193 193 144 Kent.
1637 193 214 144 Alfred
1787 193 128 144 D.
1851 193 278 144 Broughton
2065 193 128 144 12
2108 193 171 144 April.

1092 272 247 110 The
1198 272 282 110 Honble

1105 307 201 148 The
1220 307 317 148 Colonel
1451 307 259 148 Secy.
1623 307 317 148 Ipswech
1853 307 230 148 11th
1997 307 230 148 Feby
2112 307 173 148 1860

1218 392 316 114 Ducenslend
1467 392 316 114 Succestins
1715 392 339 114 allerations
1986 392 135 114 of
2054 392 158 114 the
2121 392 226 114 pollings

1359 476 212 143 Sir
1480 476 242 143 days
1631 476 212 143 for
1752 476 242 143 West
1873 476 272 143 Mouton.

1617 585 161 114 We
1698 585 161 114 do
1778 585 349 114 ourselves
2047 585 188 114 the
2127 585 188 114 honor

1378 665 137 104 to
1447 665 182 104 call
1560 665 182 104 your
1674 665 296 104 attention
1902 665 137 104 to
1970 665 159 104 the
2061 665 205 104 small
2175 665 159 104 time.

1361 722 199 80 that
1485 722 348 80 intervenes
1759 722 273 80 between
1958 722 174 80 the
2057 722 174 80 day
2132 722 99 80 of

1368 774 358 81 nomination
1649 774 179 81 and
1752 774 179 81 the
1854 774 179 81 day
1956 774 153 81 of
2007 774 281 81 Election.

1374 831 183 84 for
1478 831 183 84 the
1583 831 313 84 District
1818 831 157 84 of
1896 831 209 84 West
2000 831 235 84 Moreton

1457 858 178 106 Some
1568 858 133 106 of
1635 858 156 106 the
1723 858 244 106 polling
1901 858 222 106 places
2057 858 156 106 are
2123 858 178 106 thirty

1367 915 238 105 forty
1525 915 185 105 and
1631 915 211 105 even
1763 915 238 105 Sixty
1922 915 238 105 miles
2080 915 185 105 off
2159 915 159 105 from

1369 978 273 90 Ipswich
1568 978 223 90 which
1717 978 199 90 will
1841 978 248 90 render
2014 978 149 90 it
2064 978 273 90 difficult

1376 1032 169 88 for
1472 1032 169 88 the
1569 1032 217 88 chief
1713 1032 313 88 returning
1954 1032 265 88 officer
2146 1032 144 88 to
2195 1032 144 88 com-

1372 1085 323 86 municate
1615 1085 216 86 with
1749 1085 189 86 his
1857 1085 323 86 députies
2099 1085 162 86 in
2153 1085 162 86 time

1457 1140 331 101 Believeing
1717 1140 189 101 that
1836 1140 166 101 his
1930 1140 331 101 Excellency
2167 1140 118 101 has

1364 1200 228 91 power
1516 1200 152 91 to
1592 1200 254 91 remedy
1769 1200 203 91 this
1896 1200 152 91 we
1972 1200 178 91 beg
2074 1200 178 91 you
2150 1200 152 91 will

1366 1254 251 90 bring
1533 1254 195 90 the
1645 1254 223 90 same
1784 1254 251 90 under
1951 1254 195 90 his
2035 1254 223 90 notice

1506 1307 138 86 We
1575 1307 161 86 beg
1667 1307 184 86 also
1782 1307 138 86 to
1851 1307 184 86 call
1966 1307 184 86 your
2058 1307 253 86 attention

1365 1361 145 98 to
1437 1361 169 98 the
1534 1361 194 98 fact
1655 1361 194 98 that
1776 1361 218 98 alped
1922 1361 169 98 and
2018 1361 242 98 Begges
2164 1361 145 98 camp

1363 1417 208 93 both
1493 1417 234 93 named
1649 1417 156 93 as
1727 1417 286 93 polling
1934 1417 260 93 places
2116 1417 156 93 on
2168 1417 130 93 the

1366 1476 304 78 Drayton
1587 1476 221 78 road
1726 1476 193 78 are
1836 1476 221 78 only
1974 1476 221 78 four
2085 1476 193 78 miles

1370 1522 269 97 apart,
1558 1522 161 97 we
1639 1522 242 97 think
1801 1522 188 97 one
1908 1522 161 97 or
1989 1522 242 97 other
2124 1522 188 97 might

1366 1576 166 83 be
1449 1576 388 83 dispolused
1727 1576 166 83 with

1502 1626 137 81 A
1556 1626 302 81 polling
1776 1626 247 81 place
1941 1626 275 81 either
2106 1626 165 81 near

1371 1683 303 92 Wogarov
1592 1683 165 92 or
1675 1683 165 92 at
1757 1683 303 92 Redbank
1978 1683 165 92 we
2033 1683 276 92 consider

1371 1727 262 76 would
1545 1727 174 76 be
1633 1727 174 76 an
1720 1727 465 76 accomodation
2098 1727 174 76 to
2156 1727 145 76 the

1372 1796 244 84 voers
1535 1796 163 84 in
1616 1796 217 84 that
1752 1796 461 84 neyhbourhood,
2131 1796 190 84 and
2213 1796 108 84 to

1378 1839 231 102 those
1532 1839 282 102 reading
1737 1839 154 102 at
1788 1839 308 102 Brisbanie.

1504 1875 169 104 We
1588 1875 226 104 have
1730 1875 198 104 the
1842 1875 254 104 honor
2012 1875 169 104 to
2068 1875 113 104 be

1650 1953 193 66 Sir

1585 1971 234 111 Your
1731 1971 205 111 Obt
1819 1971 263 111 Servant

1433 2048 215 107 John
1541 2048 188 107 Kaik.

1819 2059 170 99 Alfred
1938 2059 170 99 Dehres
2039 2059 136 99 Brough
